@article{Lida_R_Weinstock,
    title={Introduction to U.S. Economy: Housing Market},
    url={https://sgp.fas.org/crs/misc/IF11327.pdf},
    journal={Congressional Research Service},
    author={Lida R. Weinstock},
    year={2023},
    month={Jan.},
    date={3}
}

@misc{Volodymyr_Vovk_ch2,
    title={Chapter 2: Introduction to machine learning and Nearest Neighbours},
    author={Volodymyr Vovk},
    howpublished = "\url{https://moodle.royalholloway.ac.uk/pluginfile.php/188746/mod_resource/content/27/02_1.pdf}",
    instituiton={Royal Holloway, University of London},
    year={2023},
    month={Sep.},
    day={28}
}

@article{Maulud_Abdulazeez_2020, 
    title={A Review on Linear Regression Comprehensive in Machine Learning}, 
    volume={1}, url={https://jastt.org/index.php/jasttpath/article/view/57}, 
    DOI={10.38094/jastt1457}, 
    abstractNote={&lt;p class=&quot;Keywords&quot;&gt;&lt;span style=&quot;font-style: normal;&quot;&gt;Perhaps one of the most common and comprehensive statistical and machine learning algorithms are linear regression. Linear regression is used to find a linear relationship between one or more predictors. The linear regression has two types: simple regression and multiple regression (MLR). This paper discusses various works by different researchers on linear regression and polynomial regression and compares their performance using the best approach to optimize prediction and precision. Almost all of the articles analyzed in this review is focused on datasets; in order to determine a modelâ€™s efficiency, it must be correlated with the actual values obtained for the explanatory variables.&lt;/span&gt;&lt;/p&#38;gt;}, 
    number={4}, 
    journal={Journal of Applied Science and Technology Trends}, 
    author={Maulud, Dastan and Abdulazeez, Adnan M.}, 
    year={2020}, 
    month={Dec.}, 
    pages={140-147} 
}

@article{Shashank_Gupta,
    title={Boston House Price Prediction Based Using Support Vector Regressor},
    url={https://www.enjoyalgorithms.com/blog/boston-house-price-prediction-using-machine-learning},
    journal={enjoy algorithms},
    author={Shashank Gupta}
}

@article{Adam_Hayes,
    title={A Review on Linear Regression Comprehensive in Machine Learning},
    url={https://www.investopedia.com/terms/e/errorterm.asp},
    journal={Investopedia},
    author={Adam Hayes},
    year={2021},
    month={Oct.}
}

@article{Marco_Taboga,
    title={Ridge regression},
    url={https://www.statlect.com/fundamentals-of-statistics/ridge-regression},
    journal={Lectures on probability theory and mathematical statistics.},
    author={Marco Taboga},
    year={2021}
}

@article{Jim_Frost,
    title={Multicollinearity in Regression Analysis: Problems, Detection, and Solutions},
    url={https://statisticsbyjim.com/regression/multicollinearity-in-regression-analysis/},
    journal={Statistics By Jim},
    author={Jim Frost},
    year={2017}
}

@article{Jaiganesh_Nagidi,
    title={How to Handle Overfitting In Deep Learning Models},
    url={https://dataaspirant.com/handle-overfitting-deep-learning-models/#t-1598238280901},
    journal={Dataaspirant},
    author={Jaiganesh Nagidi},
    year={2020},
    month={Aug.},
    day={24}
}

@article{Cory_Maklin,
    title={Machine Learning Algorithms Part 11: Ridge Regression, Lasso Regression And Elastic-Net Regression},
    url={https://medium.com/@corymaklin/machine-learning-algorithms-part-11-ridge-regression-7d5861c2bc76},
    journal={Medium},
    author={Cory Maklin},
    year={2018},
    month={Dec.},
    day={30}
}

@article{Ted_Hessing,
    title={Sum of Squares (SS)},
    url={https://sixsigmastudyguide.com/sum-of-squares-ss/},
    journal={Medium},
    author={Ted Hessing}
}

@article{Saed_Sayad_RR,
    title={Multiple Linear Regression},
    url={http://saedsayad.com/mlr.htm},
    journal={An Introduction to Data Science},
    author={Saed Sayad},
    year={2010}
}

@article{Kerem_Kargin,
    title={Ridge Regression Fundamentals and Modeling in Python},
    url={https://keremkargin.medium.com/ridge-regression-fundamentals-and-modeling-in-python-bb56f4301f62},
    journal={Medium},
    author={Kerem Kargin},
    year={2021},
    month={Apr.},
    day={17}
}

@article{Saed_Sayad_DT,
    title={Decision Tree - Regression},
    url={http://saedsayad.com/mlr.htm},
    journal={An Introduction to Data Science},
    author={Saed Sayad},
    year={2010}
}

